@inreference{jnurmine_zenburn_2019,
	title = {Zenburn},
	url = {https://github.com/jnurmine/Zenburn},
	urldate = {2019-01-15},
	date = {2019-01-15},
	langid = {english},
	note = {Latest commit: 2cacfcb},
    accessed = {2019-01-15}
}

